@article{PhysRevA.38.5938,
  title = {Fast, accurate algorithm for numerical simulation of exponentially correlated colored noise},
  author = {Fox, Ronald F. and Gatland, Ian R. and Roy, Rajarshi and Vemuri, Gautam},
  journal = {Phys. Rev. A},
  volume = {38},
  issue = {11},
  pages = {5938--5940},
  numpages = {0},
  year = {1988},
  month = {Dec},
  publisher = {American Physical Society},
  doi = {10.1103/PhysRevA.38.5938},
  url = {http://link.aps.org/doi/10.1103/PhysRevA.38.5938}
}

